@misc{OpenCV,
  title	=	{Open source computer vision library},
  author	=	{Itseez},
  year=	{2015},
  howpublished = {\url{https://github.com/itseez/opencv}},
}

@Book{kaehler2016learning,
  author       = "Kaehler, Adrian and Bradski, Gary",
  title        = "Learning OpenCV 3: Computer Vision in C++ with the OpenCV Library",
  year         = "2016",
  publisher    = "O'Reilly Media, Inc., ISBN 978-1-4919-3800-3",
}

@Book{Hartley,
  author       = "Hartley, R.~I. and Zisserman, A.",
  title        = "Multiple View Geometry in Computer Vision",
  year         = "2003",
  publisher    = "Cambridge University Press, ISBN 0521540518",
}