@misc{OpenCV,
  title	=	{Open source computer vision library},
  author	=	{Itseez},
  year=	{2018},
  howpublished = {\url{https://github.com/itseez/opencv}},
}

@Book{kaehler2016learning,
  author       = "Kaehler, Adrian and Bradski, Gary",
  title        = "Learning OpenCV 3: Computer Vision in C++ with the OpenCV Library",
  year         = "2016",
  publisher    = "O'Reilly Media, Inc., ISBN 978-1-4919-3800-3",
}

@Book{Hartley,
  author       = "Hartley, R.~I. and Zisserman, A.",
  title        = "Multiple View Geometry in Computer Vision",
  year         = "2003",
  publisher    = "Cambridge University Press, ISBN 0521540518",
}

@manual{opencvmanual,
  title = {The OpenCV Reference Manual},
  organization = {Itseez},
  edition = {3.2.0},
  month = {Dezembro},
  year = {2016},
  notes = {Ver \url{http://opencv.org/}},
}

@incollection{kurt,
  author       = {Konolige Kurt}, 
  title        = {Small vision system: Hardware and implementation},
  booktitle    = {Robotics research},
  publisher    = {Springer},
  year         = 1998,
  pages        = {203-212},
  address      = {Japan},
}

@article{hirschmullerstereo,
  title={Stereo processing by semiglobal matching and mutual information},
  author= {Hirschmuller, Heiko},
  journal= {IEEE Transactions on pattern analysis and machine intelligence},
  volume = 30,
  number = 2,
  pages = {328--341},
  year=2008,
  publisher={IEEE}
}

@article{birchfield1999depth,
  title={Depth discontinuities by pixel-to-pixel stereo},
  author={Birchfield, Stan and Tomasi, Carlo},
  journal={International Journal of Computer Vision},
  volume= 35,
  number=3,
  pages={269--293},
  year=1999,
  publisher={Springer}
}