@misc{OpenCV,
 author 	   = 	{OpenCV team},
 title 		   = 	{Open Source Computer Vision Library},
 note 		   = 	{{\tt https://opencv.org/}},
 year 		   = 	2018
}

@Book{kaehler2016learning,
  author       = "Kaehler, Adrian and Bradski, Gary",
  title        = "Learning OpenCV 3: computer vision in C++ with the OpenCV library",
  year         = "2016",
  publisher    = "O'Reilly Media, Inc., ISBN 978-1-4919-3800-3"
}

