@misc{OpenCV,
  title	=	{Open source computer vision library},
  author	=	{Itseez},
  year=	{2015},
  howpublished = {\url{https://github.com/itseez/opencv}},
}

@Book{kaehler2016learning,
  author       = "Kaehler, Adrian and Bradski, Gary",
  title        = "Learning OpenCV 3: Computer Vision in C++ with the OpenCV Library",
  year         = "2016",
  publisher    = "O'Reilly Media, Inc., ISBN 978-1-4919-3800-3",
}

@Book{Hartley,
  author       = "Hartley, R.~I. and Zisserman, A.",
  title        = "Multiple View Geometry in Computer Vision",
  year         = "2003",
  publisher    = "Cambridge University Press, ISBN 0521540518",
}

@manual{opencvmanual,
  title = {The OpenCV Reference Manual},
  organization = {Itseez},
  edition = {3.2.0},
  month = {Abril},
  year = {2014},
  notes = {Ver \url{http://opencv.org/}},
}

@manual{relatoriomoodle,
  title = {Revisão de Conceitos em Projeção, Homografia, Calibração de Câmera, Geometria Epipolar, Mapas de Profundidade e Varredura de Planos},
  organization = {Unicamp},
  month = {Junho},
  year = {2012},
}

@phdthesis{phdcoord,
  author       = {Morvan, Yannick}, 
  title        = {Acquisition, compression and rendering of depth and texture for multi-view video},
  school       = {Eindhoven University of Technology},
  year         = {2009},
  month        = {Abril},
}

@misc{webpage,
  author = {Stackoverflow users},
  title = {Measure real size of object with Calibrated Camera opencv c++?},
  year = {2018},
  howpublished = {\url{https://goo.gl/7rZwM8}},
  notes = {Online; accessado em 17-Setembro-2018}
}

@phdthesis{teofilo,
	author = {Teófilo Emídio de Campos},
	title = {3D Visual Tracking of Articulated Objects and Hands},
	school = {University of Oxford},
	year = {2006},
}